<record><leader>00000cas a2200000 a 4500</leader><controlfield tag="001">12094933</controlfield><controlfield tag="008">850530d19021903ksuwr ne      0    0eng d</controlfield><datafield ind1=" " ind2=" " tag="010"><subfield code="a">sn 85029226 </subfield></datafield><datafield ind1=" " ind2=" " tag="040"><subfield code="a">KSH</subfield><subfield code="b">eng</subfield><subfield code="c">KSH</subfield><subfield code="d">NPT</subfield><subfield code="d">OCL</subfield><subfield code="d">OCLCQ</subfield></datafield><datafield ind1=" " ind2=" " tag="042"><subfield code="a">msc</subfield></datafield><datafield ind1="0" ind2="0" tag="245"><subfield code="a">Tonganoxie republican.</subfield></datafield><datafield ind1=" " ind2=" " tag="260"><subfield code="a">Tonganoxie, Kan. :</subfield><subfield code="b">Geo. B. Hallenbeck,</subfield><subfield code="c">1902-1903.</subfield></datafield><datafield ind1=" " ind2=" " tag="300"><subfield code="a">1 v. :</subfield><subfield code="b">ill. ;</subfield><subfield code="c">38-55 cm.</subfield></datafield><datafield ind1=" " ind2=" " tag="310"><subfield code="a">Weekly</subfield></datafield><datafield ind1="0" ind2=" " tag="362"><subfield code="a">Vol. 13, no. 32 (May 17, 1902)-v. 14, no. 39 (Sept. 11, 1903).</subfield></datafield><datafield ind1=" " ind2=" " tag="500"><subfield code="a">Published by: C.B. Martin, Jan. 1-30, 1902; G.O. McKinley, N.A. McKinley, Feb. 13-Sept. 11, 1903.</subfield></datafield><datafield ind1=" " ind2=" " tag="752"><subfield code="a">United States</subfield><subfield code="b">Kansas</subfield><subfield code="c">Leavenworth</subfield><subfield code="d">Tonganoxie.</subfield></datafield><datafield ind1="0" ind2="0" tag="780"><subfield code="t">Weekly sentinel (Tonganoxie, Kan.)</subfield><subfield code="w">(DLC)sn 85029221</subfield></datafield><datafield ind1="0" ind2="4" tag="785"><subfield code="t">Tonganoxie mirror (Tonganoxie, Kan. : 1882)</subfield><subfield code="w">(DLC)sn 85029224</subfield></datafield></record>